%https://www.ncbi.nlm.nih.gov/pmc/articles/PMC7123593/
@article{Begic2018,
	Author = {Begic, A. and Hadzikadic, M. and Avdakovic, S.},
	Title = {Application of Service Robots for Disinfection in Medical Institutions},
	Journal = {Advanced Technologies, Systems, and Applications II. IAT, Lecture Notes in Networks and Systems},
	Year = {{2018}},
	Volume = {{28}},
	Number = {{4}},
	Pages = {{1056â€“1065}},
	Month = {Jan},
	DOI = {https://doi.org/10.1007/978-3-319-71321-2_89},
}
% https://www.ncbi.nlm.nih.gov/pmc/?term=Robots%20for%20Disinfection

@Article{iCresswell2020,
	author="Cresswell, Kathrin
	and Sheikh, Aziz",
	title="Can Disinfection Robots Reduce the Risk of Transmission of SARS-CoV-2 in Health Care and Educational Settings?",
	journal="J Med Internet Res",
	year="2020",
	month="Sep",
	day="15",
	volume="22",
	number="9",
	pages="e20896",
	keywords="robotics; disinfection; SARS-CoV-2; COVID-19; risk; transmission; virus",
	issn="1438-8871",
	doi="10.2196/20896",
	url="http://www.jmir.org/2020/9/e20896/",
	url="https://doi.org/10.2196/20896",
	url="http://www.ncbi.nlm.nih.gov/pubmed/32903196"
}

@article{Bradwell2020,
	author = {Bradwell, Hannah Louise AND Johnson, Christopher W. AND Lee, John AND Winnington, Rhona AND Thill, Serge AND Jones, Ray B.},
	journal = {PLOS ONE},
	publisher = {Public Library of Science},
	title = {Microbial contamination and efficacy of disinfection procedures of companion robots in care homes},
	year = {2020},
	month = {08},
	volume = {15},
	url = {https://doi.org/10.1371/journal.pone.0237069},
	pages = {1-17},
	number = {8},
	doi = {10.1371/journal.pone.0237069}
}

@article{Guettari2020,
	Author = {Guettari, Moez and Gharbi, Ines and Hamza, Samir},
	Da = {2020/10/14},
	Date-Added = {2021-01-13 13:15:22 -0500},
	Date-Modified = {2021-01-13 13:15:22 -0500},
	Doi = {10.1007/s11356-020-11184-2},
	Id = {Guettari2020},
	Isbn = {1614-7499},
	Journal = {Environmental Science and Pollution Research},
	Title = {UVC disinfection robot},
	Ty = {JOUR},
	Url = {https://doi.org/10.1007/s11356-020-11184-2},
	Year = {2020},
	Bdsk-Url-1 = {https://doi.org/10.1007/s11356-020-11184-2}
}

@Article{Muthugaletal2020,
	AUTHOR = {Muthugala, M. A. Viraj J. and Samarakoon, S. M. Bhagya P. and Mohan Rayguru, Madan and Ramalingam, Balakrishnan and Elara, Mohan Rajesh},
	TITLE = {Wall-Following Behavior for a Disinfection Robot Using Type 1 and Type 2 Fuzzy Logic Systems},
	JOURNAL = {Sensors},
	VOLUME = {20},
	YEAR = {2020},
	NUMBER = {16},
	ARTICLE-NUMBER = {4445},
	URL = {https://www.mdpi.com/1424-8220/20/16/4445},
	DOI = {10.3390/s20164445}
}