




@INPROCEEDINGS{hahnel2004,  
author={D. {Hahnel} and W. {Burgard} and D. {Fox} and K. {Fishkin} and M. {Philipose}},  booktitle={IEEE International Conference on Robotics and Automation, 2004. Proceedings. ICRA '04. 2004},   
title={Mapping and localization with RFID technology},   
year={2004},  
volume={1},  
number={},  
pages={1015-1020 Vol.1},
}